<record><leader>00000cas a22000007a 4500</leader><controlfield tag="001">10988853</controlfield><controlfield tag="008">840726d194919uunyuwr ne      0   a0eng d</controlfield><datafield ind1=" " ind2=" " tag="010"><subfield code="a">sn 84006466 </subfield></datafield><datafield ind1=" " ind2=" " tag="040"><subfield code="a">NSD</subfield><subfield code="b">eng</subfield><subfield code="c">NSD</subfield><subfield code="d">NYS</subfield><subfield code="d">OCLCQ</subfield></datafield><datafield ind1=" " ind2=" " tag="012"><subfield code="m">1</subfield></datafield><datafield ind1="1" ind2=" " tag="022"><subfield code="a">8750-104X</subfield><subfield code="l">8750-104X</subfield><subfield code="2">1</subfield></datafield><datafield ind1=" " ind2=" " tag="032"><subfield code="a">796640</subfield><subfield code="b">USPS</subfield></datafield><datafield ind1=" " ind2=" " tag="042"><subfield code="a">nsdp</subfield></datafield><datafield ind1=" " ind2="0" tag="222"><subfield code="a">Central Islip news</subfield><subfield code="b">(1984)</subfield></datafield><datafield ind1="0" ind2="0" tag="245"><subfield code="a">Central Islip news.</subfield></datafield><datafield ind1=" " ind2=" " tag="260"><subfield code="a">Central Islip, L.I. [N.Y.] :</subfield><subfield code="b">James Lawlor</subfield></datafield><datafield ind1=" " ind2=" " tag="310"><subfield code="a">Weekly</subfield></datafield><datafield ind1="1" ind2=" " tag="362"><subfield code="a">Began in 1949.</subfield></datafield><datafield ind1=" " ind2=" " tag="588"><subfield code="a">Description based on: Vol. 1, no. 2 (Mar. 10, 1949).</subfield></datafield><datafield ind1=" " ind2="4" tag="651"><subfield code="a">Central Islip (N.Y.)</subfield><subfield code="v">Newspapers.</subfield></datafield><datafield ind1=" " ind2="4" tag="651"><subfield code="a">Suffolk County (N.Y.)</subfield><subfield code="v">Newspapers.</subfield></datafield><datafield ind1=" " ind2=" " tag="752"><subfield code="a">United States</subfield><subfield code="b">New York</subfield><subfield code="c">Suffolk</subfield><subfield code="d">Central Islip.</subfield></datafield><datafield ind1="0" ind2=" " tag="775"><subfield code="t">Islip news</subfield><subfield code="w">(DLC)sn 83005983</subfield></datafield><datafield ind1="0" ind2="4" tag="785"><subfield code="t">Islip news</subfield><subfield code="w">(DLC)sn 83005983</subfield></datafield><datafield ind1=" " ind2=" " tag="936"><subfield code="a">July 12, 1984</subfield></datafield><datafield ind1="1" ind2=" " tag="029"><subfield code="a">AU@</subfield><subfield code="b">000020664845</subfield></datafield></record>